<record><leader>00000cas a22000007a 4500</leader><controlfield tag="001">12632171</controlfield><controlfield tag="008">851003d185718uupauwr ne      0    0eng d</controlfield><datafield ind1=" " ind2=" " tag="010"><subfield code="a">sn 85054790 </subfield></datafield><datafield ind1=" " ind2=" " tag="040"><subfield code="a">NPH</subfield><subfield code="b">eng</subfield><subfield code="c">NPH</subfield><subfield code="d">OCLCQ</subfield></datafield><datafield ind1=" " ind2=" " tag="042"><subfield code="a">msc</subfield></datafield><datafield ind1="0" ind2=" " tag="130"><subfield code="a">Philadelphia Saturday bulletin (Philadelphia, Pa. : 1857)</subfield></datafield><datafield ind1="1" ind2="4" tag="245"><subfield code="a">The Philadelphia Saturday bulletin.</subfield></datafield><datafield ind1="3" ind2="0" tag="246"><subfield code="a">Bulletin and courier</subfield></datafield><datafield ind1="1" ind2="3" tag="246"><subfield code="a">Saturday bulletin</subfield></datafield><datafield ind1="1" ind2="3" tag="246"><subfield code="a">Philadelphia Saturday bulletin and American courier</subfield></datafield><datafield ind1=" " ind2=" " tag="260"><subfield code="a">Philadelphia [Pa.] :</subfield><subfield code="b">Alexander Cummings and Gibson Peacock,</subfield><subfield code="c">1857-</subfield></datafield><datafield ind1=" " ind2=" " tag="300"><subfield code="a">v. ;</subfield><subfield code="c">65 cm.</subfield></datafield><datafield ind1=" " ind2=" " tag="310"><subfield code="a">Weekly</subfield></datafield><datafield ind1="0" ind2=" " tag="362"><subfield code="a">Vol. 2, no. 51 (Dec. 19, 1857)-</subfield></datafield><datafield ind1=" " ind2=" " tag="500"><subfield code="a">Publishers: Alexander Cummings and Gibson Peacock, &lt;Dec. 19, 1857- Sept. 4, 1858&gt;; Peacock, Chambers &amp; Co., &lt;Dec. 8, 1860&gt;.</subfield></datafield><datafield ind1=" " ind2=" " tag="500"><subfield code="a">"Philadelphia" appears above masthead ornament.</subfield></datafield><datafield ind1=" " ind2=" " tag="752"><subfield code="a">United States</subfield><subfield code="b">Pennsylvania</subfield><subfield code="c">Philadelphia</subfield><subfield code="d">Philadelphia.</subfield></datafield><datafield ind1="0" ind2="0" tag="780"><subfield code="t">Philadelphia Saturday bulletin and American courier</subfield><subfield code="w">(DLC)sn 84026145</subfield></datafield></record>